<collection xmlns="http://www.loc.gov/MARC21/slim"><record><leader>00488nam  2200157   450</leader><controlfield tag="001">392</controlfield><controlfield tag="003">http://montalegre.opacnet.com/OPAC/default.aspx?ContentAreaControl=ShowRegHoldings.ascx&amp;RegNo=16662</controlfield><datafield tag="100" ind1=" " ind2=" "><subfield code="a">20061013d1964    km y0pory010305  ba</subfield></datafield><datafield tag="101" ind1="1" ind2=" "><subfield code="a">por</subfield><subfield code="c">fre</subfield></datafield><datafield tag="102" ind1=" " ind2=" "><subfield code="a">PT</subfield></datafield><datafield tag="200" ind1="1" ind2=" "><subfield code="a">&lt;Os &gt;imortais de agápia</subfield><subfield code="f">C. Virgil Gheorghiu</subfield></datafield><datafield tag="210" ind1=" " ind2=" "><subfield code="a">Lisboa</subfield><subfield code="c">Bertrand</subfield><subfield code="d">1964</subfield></datafield><datafield tag="215" ind1=" " ind2=" "><subfield code="a">260 p.</subfield><subfield code="d">20cm</subfield></datafield><datafield tag="675" ind1=" " ind2=" "><subfield code="a">821</subfield><subfield code="v">bn</subfield><subfield code="z">por</subfield></datafield><datafield tag="700" ind1=" " ind2="1"><subfield code="a">Gheorghiu</subfield><subfield code="b">Constantin Virgil</subfield><subfield code="f">1916-1992</subfield></datafield><datafield tag="801" ind1=" " ind2="0"><subfield code="a">PT</subfield><subfield code="b">Biblioteca Municipal de Montalegre</subfield><subfield code="g">RPC</subfield></datafield><datafield tag="909" ind1="&#9;" ind2=" "><subfield code="a">1</subfield></datafield><datafield tag="966" ind1=" " ind2=" "><subfield code="a">0008145</subfield><subfield code="l">BMM</subfield><subfield code="s">SCG 821 GHE imo</subfield></datafield></record></collection>